<record><leader>00000cas a22000007a 4500</leader><controlfield tag="001">32044104</controlfield><controlfield tag="008">950224d19731976ncuir ne      0    0eng d</controlfield><datafield ind1=" " ind2=" " tag="010"><subfield code="a">sn 95072300 </subfield></datafield><datafield ind1=" " ind2=" " tag="040"><subfield code="a">NVJ</subfield><subfield code="b">eng</subfield><subfield code="c">NVJ</subfield><subfield code="d">OCLCQ</subfield></datafield><datafield ind1=" " ind2=" " tag="042"><subfield code="a">msc</subfield></datafield><datafield ind1="0" ind2="4" tag="245"><subfield code="a">The Hamlet news.</subfield></datafield><datafield ind1="1" ind2="3" tag="246"><subfield code="a">News messenger</subfield><subfield code="f">Mar. 14, 1973-Mar. 30, 1973</subfield></datafield><datafield ind1="1" ind2="7" tag="246"><subfield code="a">Rockingham star, Hamlet news</subfield><subfield code="f">Mar. 30, 1973-Aug. 10, 1973</subfield></datafield><datafield ind1="1" ind2="0" tag="246"><subfield code="a">Rockingham star</subfield></datafield><datafield ind1=" " ind2=" " tag="260"><subfield code="a">Hamlet, N.C. :</subfield><subfield code="b">Community Corp.</subfield></datafield><datafield ind1=" " ind2=" " tag="300"><subfield code="a">v.</subfield></datafield><datafield ind1=" " ind2=" " tag="310"><subfield code="a">Triweekly</subfield></datafield><datafield ind1="0" ind2=" " tag="362"><subfield code="a">69th year, no. 78 (Mar. 14, 1973)-69th year, no. 53 (Jan. 30, 1976).</subfield></datafield><datafield ind1=" " ind2=" " tag="515"><subfield code="a">Volume designation does not change.</subfield></datafield><datafield ind1=" " ind2=" " tag="752"><subfield code="a">United States</subfield><subfield code="b">North Carolina</subfield><subfield code="c">Richmond</subfield><subfield code="d">Hamlet.</subfield></datafield><datafield ind1="0" ind2="0" tag="780"><subfield code="t">News messenger (Hamlet, N.C.)</subfield><subfield code="w">(DLC)sn 95072299</subfield></datafield><datafield ind1="0" ind2="0" tag="785"><subfield code="t">News (Hamlet, N.C.)</subfield><subfield code="w">(DLC)sn 95072301</subfield></datafield></record>